%YAML 1.1
%TAG !u! tag:unity3d.com,2011:
--- !u!1 &2275475479698144574
GameObject:
  m_ObjectHideFlags: 0
  m_CorrespondingSourceObject: {fileID: 0}
  m_PrefabInstance: {fileID: 0}
  m_PrefabAsset: {fileID: 0}
  serializedVersion: 6
  m_Component:
  - component: {fileID: 3582945860414901857}
  - component: {fileID: 7219510816640640611}
  m_Layer: 0
  m_Name: Island 2-1 3
  m_TagString: Untagged
  m_Icon: {fileID: 0}
  m_NavMeshLayer: 0
  m_StaticEditorFlags: 4294967295
  m_IsActive: 1
--- !u!4 &3582945860414901857
Transform:
  m_ObjectHideFlags: 0
  m_CorrespondingSourceObject: {fileID: 0}
  m_PrefabInstance: {fileID: 0}
  m_PrefabAsset: {fileID: 0}
  m_GameObject: {fileID: 2275475479698144574}
  m_LocalRotation: {x: 0, y: 0, z: 0, w: 1}
  m_LocalPosition: {x: 0, y: 0, z: 0}
  m_LocalScale: {x: 1.8602049, y: 1.8602049, z: 1.8602049}
  m_Children:
  - {fileID: 8097386326040667290}
  - {fileID: 1117551496457049852}
  - {fileID: 531514479135857407}
  - {fileID: 9177331654246175894}
  - {fileID: 4289461257080354071}
  - {fileID: 6702376536224054611}
  - {fileID: 6485118681458641666}
  m_Father: {fileID: 0}
  m_RootOrder: 0
  m_LocalEulerAnglesHint: {x: 0, y: 0, z: 0}
--- !u!114 &7219510816640640611
MonoBehaviour:
  m_ObjectHideFlags: 0
  m_CorrespondingSourceObject: {fileID: 0}
  m_PrefabInstance: {fileID: 0}
  m_PrefabAsset: {fileID: 0}
  m_GameObject: {fileID: 2275475479698144574}
  m_Enabled: 1
  m_EditorHideFlags: 0
  m_Script: {fileID: 11500000, guid: 67bf576c1f5e7144e92773575af53cd9, type: 3}
  m_Name: 
  m_EditorClassIdentifier: 
  entryNumber: 2
  exitNumber: 1
  spawnRegions:
  - {fileID: 8514719175681966651}
--- !u!1 &7527005826502071312
GameObject:
  m_ObjectHideFlags: 0
  m_CorrespondingSourceObject: {fileID: 0}
  m_PrefabInstance: {fileID: 0}
  m_PrefabAsset: {fileID: 0}
  serializedVersion: 6
  m_Component:
  - component: {fileID: 8097386326040667290}
  - component: {fileID: 8514719175681966651}
  m_Layer: 0
  m_Name: RectangleSpawnRegion_0
  m_TagString: Untagged
  m_Icon: {fileID: 0}
  m_NavMeshLayer: 0
  m_StaticEditorFlags: 4294967295
  m_IsActive: 1
--- !u!4 &8097386326040667290
Transform:
  m_ObjectHideFlags: 0
  m_CorrespondingSourceObject: {fileID: 0}
  m_PrefabInstance: {fileID: 0}
  m_PrefabAsset: {fileID: 0}
  m_GameObject: {fileID: 7527005826502071312}
  m_LocalRotation: {x: -0, y: -0, z: -0, w: 1}
  m_LocalPosition: {x: 0, y: -2, z: 0}
  m_LocalScale: {x: 75, y: 0, z: 75}
  m_Children: []
  m_Father: {fileID: 3582945860414901857}
  m_RootOrder: 0
  m_LocalEulerAnglesHint: {x: 0, y: 0, z: 0}
--- !u!114 &8514719175681966651
MonoBehaviour:
  m_ObjectHideFlags: 0
  m_CorrespondingSourceObject: {fileID: 0}
  m_PrefabInstance: {fileID: 0}
  m_PrefabAsset: {fileID: 0}
  m_GameObject: {fileID: 7527005826502071312}
  m_Enabled: 1
  m_EditorHideFlags: 0
  m_Script: {fileID: 11500000, guid: d06890de3ab565d43802ca30c60a6915, type: 3}
  m_Name: 
  m_EditorClassIdentifier: 
--- !u!1001 &66121224314682644
PrefabInstance:
  m_ObjectHideFlags: 0
  serializedVersion: 2
  m_Modification:
    m_TransformParent: {fileID: 3582945860414901857}
    m_Modifications:
    - target: {fileID: -8679921383154817045, guid: 346dd1542e8bf45408e85a820be9861e, type: 3}
      propertyPath: m_RootOrder
      value: 2
      objectReference: {fileID: 0}
    - target: {fileID: -8679921383154817045, guid: 346dd1542e8bf45408e85a820be9861e, type: 3}
      propertyPath: m_LocalScale.x
      value: 1.2
      objectReference: {fileID: 0}
    - target: {fileID: -8679921383154817045, guid: 346dd1542e8bf45408e85a820be9861e, type: 3}
      propertyPath: m_LocalScale.y
      value: 1.2
      objectReference: {fileID: 0}
    - target: {fileID: -8679921383154817045, guid: 346dd1542e8bf45408e85a820be9861e, type: 3}
      propertyPath: m_LocalScale.z
      value: 1.2
      objectReference: {fileID: 0}
    - target: {fileID: -8679921383154817045, guid: 346dd1542e8bf45408e85a820be9861e, type: 3}
      propertyPath: m_LocalPosition.x
      value: -18.86
      objectReference: {fileID: 0}
    - target: {fileID: -8679921383154817045, guid: 346dd1542e8bf45408e85a820be9861e, type: 3}
      propertyPath: m_LocalPosition.y
      value: 0
      objectReference: {fileID: 0}
    - target: {fileID: -8679921383154817045, guid: 346dd1542e8bf45408e85a820be9861e, type: 3}
      propertyPath: m_LocalPosition.z
      value: 18.21
      objectReference: {fileID: 0}
    - target: {fileID: -8679921383154817045, guid: 346dd1542e8bf45408e85a820be9861e, type: 3}
      propertyPath: m_LocalRotation.w
      value: 0.9747469
      objectReference: {fileID: 0}
    - target: {fileID: -8679921383154817045, guid: 346dd1542e8bf45408e85a820be9861e, type: 3}
      propertyPath: m_LocalRotation.x
      value: -0
      objectReference: {fileID: 0}
    - target: {fileID: -8679921383154817045, guid: 346dd1542e8bf45408e85a820be9861e, type: 3}
      propertyPath: m_LocalRotation.y
      value: -0.2233128
      objectReference: {fileID: 0}
    - target: {fileID: -8679921383154817045, guid: 346dd1542e8bf45408e85a820be9861e, type: 3}
      propertyPath: m_LocalRotation.z
      value: -0
      objectReference: {fileID: 0}
    - target: {fileID: -8679921383154817045, guid: 346dd1542e8bf45408e85a820be9861e, type: 3}
      propertyPath: m_LocalEulerAnglesHint.x
      value: 0
      objectReference: {fileID: 0}
    - target: {fileID: -8679921383154817045, guid: 346dd1542e8bf45408e85a820be9861e, type: 3}
      propertyPath: m_LocalEulerAnglesHint.y
      value: -25.807
      objectReference: {fileID: 0}
    - target: {fileID: -8679921383154817045, guid: 346dd1542e8bf45408e85a820be9861e, type: 3}
      propertyPath: m_LocalEulerAnglesHint.z
      value: 0
      objectReference: {fileID: 0}
    - target: {fileID: -1961553237903134091, guid: 346dd1542e8bf45408e85a820be9861e, type: 3}
      propertyPath: m_StaticEditorFlags
      value: 4294967295
      objectReference: {fileID: 0}
    - target: {fileID: -443413076370392800, guid: 346dd1542e8bf45408e85a820be9861e, type: 3}
      propertyPath: m_StaticEditorFlags
      value: 4294967295
      objectReference: {fileID: 0}
    - target: {fileID: 919132149155446097, guid: 346dd1542e8bf45408e85a820be9861e, type: 3}
      propertyPath: m_Name
      value: Island4
      objectReference: {fileID: 0}
    - target: {fileID: 919132149155446097, guid: 346dd1542e8bf45408e85a820be9861e, type: 3}
      propertyPath: m_StaticEditorFlags
      value: 4294967295
      objectReference: {fileID: 0}
    - target: {fileID: 9176741287585654647, guid: 346dd1542e8bf45408e85a820be9861e, type: 3}
      propertyPath: m_StaticEditorFlags
      value: 4294967295
      objectReference: {fileID: 0}
    m_RemovedComponents: []
  m_SourcePrefab: {fileID: 100100000, guid: 346dd1542e8bf45408e85a820be9861e, type: 3}
--- !u!4 &531514479135857407 stripped
Transform:
  m_CorrespondingSourceObject: {fileID: -8679921383154817045, guid: 346dd1542e8bf45408e85a820be9861e, type: 3}
  m_PrefabInstance: {fileID: 66121224314682644}
  m_PrefabAsset: {fileID: 0}
--- !u!1001 &578974610657784087
PrefabInstance:
  m_ObjectHideFlags: 0
  serializedVersion: 2
  m_Modification:
    m_TransformParent: {fileID: 3582945860414901857}
    m_Modifications:
    - target: {fileID: -8679921383154817045, guid: 450c959372a24214aba78094e39b75f8, type: 3}
      propertyPath: m_RootOrder
      value: 1
      objectReference: {fileID: 0}
    - target: {fileID: -8679921383154817045, guid: 450c959372a24214aba78094e39b75f8, type: 3}
      propertyPath: m_LocalScale.x
      value: 1.2
      objectReference: {fileID: 0}
    - target: {fileID: -8679921383154817045, guid: 450c959372a24214aba78094e39b75f8, type: 3}
      propertyPath: m_LocalScale.y
      value: 1.2
      objectReference: {fileID: 0}
    - target: {fileID: -8679921383154817045, guid: 450c959372a24214aba78094e39b75f8, type: 3}
      propertyPath: m_LocalScale.z
      value: 1.2
      objectReference: {fileID: 0}
    - target: {fileID: -8679921383154817045, guid: 450c959372a24214aba78094e39b75f8, type: 3}
      propertyPath: m_LocalPosition.x
      value: -12.57
      objectReference: {fileID: 0}
    - target: {fileID: -8679921383154817045, guid: 450c959372a24214aba78094e39b75f8, type: 3}
      propertyPath: m_LocalPosition.y
      value: 0
      objectReference: {fileID: 0}
    - target: {fileID: -8679921383154817045, guid: 450c959372a24214aba78094e39b75f8, type: 3}
      propertyPath: m_LocalPosition.z
      value: -11.1
      objectReference: {fileID: 0}
    - target: {fileID: -8679921383154817045, guid: 450c959372a24214aba78094e39b75f8, type: 3}
      propertyPath: m_LocalRotation.w
      value: 1
      objectReference: {fileID: 0}
    - target: {fileID: -8679921383154817045, guid: 450c959372a24214aba78094e39b75f8, type: 3}
      propertyPath: m_LocalRotation.x
      value: 0
      objectReference: {fileID: 0}
    - target: {fileID: -8679921383154817045, guid: 450c959372a24214aba78094e39b75f8, type: 3}
      propertyPath: m_LocalRotation.y
      value: 0
      objectReference: {fileID: 0}
    - target: {fileID: -8679921383154817045, guid: 450c959372a24214aba78094e39b75f8, type: 3}
      propertyPath: m_LocalRotation.z
      value: 0
      objectReference: {fileID: 0}
    - target: {fileID: -8679921383154817045, guid: 450c959372a24214aba78094e39b75f8, type: 3}
      propertyPath: m_LocalEulerAnglesHint.x
      value: 0
      objectReference: {fileID: 0}
    - target: {fileID: -8679921383154817045, guid: 450c959372a24214aba78094e39b75f8, type: 3}
      propertyPath: m_LocalEulerAnglesHint.y
      value: 0
      objectReference: {fileID: 0}
    - target: {fileID: -8679921383154817045, guid: 450c959372a24214aba78094e39b75f8, type: 3}
      propertyPath: m_LocalEulerAnglesHint.z
      value: 0
      objectReference: {fileID: 0}
    - target: {fileID: -7976190752454350598, guid: 450c959372a24214aba78094e39b75f8, type: 3}
      propertyPath: m_StaticEditorFlags
      value: 4294967295
      objectReference: {fileID: 0}
    - target: {fileID: -7813541637739937558, guid: 450c959372a24214aba78094e39b75f8, type: 3}
      propertyPath: m_StaticEditorFlags
      value: 4294967295
      objectReference: {fileID: 0}
    - target: {fileID: -2329044881948149547, guid: 450c959372a24214aba78094e39b75f8, type: 3}
      propertyPath: m_StaticEditorFlags
      value: 4294967295
      objectReference: {fileID: 0}
    - target: {fileID: 919132149155446097, guid: 450c959372a24214aba78094e39b75f8, type: 3}
      propertyPath: m_Name
      value: Island1
      objectReference: {fileID: 0}
    - target: {fileID: 919132149155446097, guid: 450c959372a24214aba78094e39b75f8, type: 3}
      propertyPath: m_StaticEditorFlags
      value: 4294967295
      objectReference: {fileID: 0}
    - target: {fileID: 3248955777472441292, guid: 450c959372a24214aba78094e39b75f8, type: 3}
      propertyPath: m_StaticEditorFlags
      value: 4294967295
      objectReference: {fileID: 0}
    - target: {fileID: 8240642424261991953, guid: 450c959372a24214aba78094e39b75f8, type: 3}
      propertyPath: m_StaticEditorFlags
      value: 4294967295
      objectReference: {fileID: 0}
    m_RemovedComponents: []
  m_SourcePrefab: {fileID: 100100000, guid: 450c959372a24214aba78094e39b75f8, type: 3}
--- !u!4 &1117551496457049852 stripped
Transform:
  m_CorrespondingSourceObject: {fileID: -8679921383154817045, guid: 450c959372a24214aba78094e39b75f8, type: 3}
  m_PrefabInstance: {fileID: 578974610657784087}
  m_PrefabAsset: {fileID: 0}
--- !u!1001 &4327259076681421564
PrefabInstance:
  m_ObjectHideFlags: 0
  serializedVersion: 2
  m_Modification:
    m_TransformParent: {fileID: 3582945860414901857}
    m_Modifications:
    - target: {fileID: -8679921383154817045, guid: 77b9ed59e48385b498fe7b4706265876, type: 3}
      propertyPath: m_RootOrder
      value: 4
      objectReference: {fileID: 0}
    - target: {fileID: -8679921383154817045, guid: 77b9ed59e48385b498fe7b4706265876, type: 3}
      propertyPath: m_LocalScale.x
      value: 1.2
      objectReference: {fileID: 0}
    - target: {fileID: -8679921383154817045, guid: 77b9ed59e48385b498fe7b4706265876, type: 3}
      propertyPath: m_LocalScale.y
      value: 1.2
      objectReference: {fileID: 0}
    - target: {fileID: -8679921383154817045, guid: 77b9ed59e48385b498fe7b4706265876, type: 3}
      propertyPath: m_LocalScale.z
      value: 1.2
      objectReference: {fileID: 0}
    - target: {fileID: -8679921383154817045, guid: 77b9ed59e48385b498fe7b4706265876, type: 3}
      propertyPath: m_LocalPosition.x
      value: 5.58
      objectReference: {fileID: 0}
    - target: {fileID: -8679921383154817045, guid: 77b9ed59e48385b498fe7b4706265876, type: 3}
      propertyPath: m_LocalPosition.y
      value: 0.0020298813
      objectReference: {fileID: 0}
    - target: {fileID: -8679921383154817045, guid: 77b9ed59e48385b498fe7b4706265876, type: 3}
      propertyPath: m_LocalPosition.z
      value: 11.13
      objectReference: {fileID: 0}
    - target: {fileID: -8679921383154817045, guid: 77b9ed59e48385b498fe7b4706265876, type: 3}
      propertyPath: m_LocalRotation.w
      value: 0.9354234
      objectReference: {fileID: 0}
    - target: {fileID: -8679921383154817045, guid: 77b9ed59e48385b498fe7b4706265876, type: 3}
      propertyPath: m_LocalRotation.x
      value: -0
      objectReference: {fileID: 0}
    - target: {fileID: -8679921383154817045, guid: 77b9ed59e48385b498fe7b4706265876, type: 3}
      propertyPath: m_LocalRotation.y
      value: 0.35352966
      objectReference: {fileID: 0}
    - target: {fileID: -8679921383154817045, guid: 77b9ed59e48385b498fe7b4706265876, type: 3}
      propertyPath: m_LocalRotation.z
      value: -0
      objectReference: {fileID: 0}
    - target: {fileID: -8679921383154817045, guid: 77b9ed59e48385b498fe7b4706265876, type: 3}
      propertyPath: m_LocalEulerAnglesHint.x
      value: 0
      objectReference: {fileID: 0}
    - target: {fileID: -8679921383154817045, guid: 77b9ed59e48385b498fe7b4706265876, type: 3}
      propertyPath: m_LocalEulerAnglesHint.y
      value: 41.407
      objectReference: {fileID: 0}
    - target: {fileID: -8679921383154817045, guid: 77b9ed59e48385b498fe7b4706265876, type: 3}
      propertyPath: m_LocalEulerAnglesHint.z
      value: 0
      objectReference: {fileID: 0}
    - target: {fileID: 919132149155446097, guid: 77b9ed59e48385b498fe7b4706265876, type: 3}
      propertyPath: m_Name
      value: Island2
      objectReference: {fileID: 0}
    - target: {fileID: 919132149155446097, guid: 77b9ed59e48385b498fe7b4706265876, type: 3}
      propertyPath: m_StaticEditorFlags
      value: 4294967295
      objectReference: {fileID: 0}
    m_RemovedComponents: []
  m_SourcePrefab: {fileID: 100100000, guid: 77b9ed59e48385b498fe7b4706265876, type: 3}
--- !u!4 &4289461257080354071 stripped
Transform:
  m_CorrespondingSourceObject: {fileID: -8679921383154817045, guid: 77b9ed59e48385b498fe7b4706265876, type: 3}
  m_PrefabInstance: {fileID: 4327259076681421564}
  m_PrefabAsset: {fileID: 0}
--- !u!1001 &6523787933230652088
PrefabInstance:
  m_ObjectHideFlags: 0
  serializedVersion: 2
  m_Modification:
    m_TransformParent: {fileID: 3582945860414901857}
    m_Modifications:
    - target: {fileID: -8679921383154817045, guid: 346dd1542e8bf45408e85a820be9861e, type: 3}
      propertyPath: m_RootOrder
      value: 5
      objectReference: {fileID: 0}
    - target: {fileID: -8679921383154817045, guid: 346dd1542e8bf45408e85a820be9861e, type: 3}
      propertyPath: m_LocalScale.x
      value: 1.2
      objectReference: {fileID: 0}
    - target: {fileID: -8679921383154817045, guid: 346dd1542e8bf45408e85a820be9861e, type: 3}
      propertyPath: m_LocalScale.y
      value: 1.2
      objectReference: {fileID: 0}
    - target: {fileID: -8679921383154817045, guid: 346dd1542e8bf45408e85a820be9861e, type: 3}
      propertyPath: m_LocalScale.z
      value: 1.2
      objectReference: {fileID: 0}
    - target: {fileID: -8679921383154817045, guid: 346dd1542e8bf45408e85a820be9861e, type: 3}
      propertyPath: m_LocalPosition.x
      value: -0.59
      objectReference: {fileID: 0}
    - target: {fileID: -8679921383154817045, guid: 346dd1542e8bf45408e85a820be9861e, type: 3}
      propertyPath: m_LocalPosition.y
      value: 0
      objectReference: {fileID: 0}
    - target: {fileID: -8679921383154817045, guid: 346dd1542e8bf45408e85a820be9861e, type: 3}
      propertyPath: m_LocalPosition.z
      value: 7.31
      objectReference: {fileID: 0}
    - target: {fileID: -8679921383154817045, guid: 346dd1542e8bf45408e85a820be9861e, type: 3}
      propertyPath: m_LocalRotation.w
      value: 1
      objectReference: {fileID: 0}
    - target: {fileID: -8679921383154817045, guid: 346dd1542e8bf45408e85a820be9861e, type: 3}
      propertyPath: m_LocalRotation.x
      value: 0
      objectReference: {fileID: 0}
    - target: {fileID: -8679921383154817045, guid: 346dd1542e8bf45408e85a820be9861e, type: 3}
      propertyPath: m_LocalRotation.y
      value: 0
      objectReference: {fileID: 0}
    - target: {fileID: -8679921383154817045, guid: 346dd1542e8bf45408e85a820be9861e, type: 3}
      propertyPath: m_LocalRotation.z
      value: 0
      objectReference: {fileID: 0}
    - target: {fileID: -8679921383154817045, guid: 346dd1542e8bf45408e85a820be9861e, type: 3}
      propertyPath: m_LocalEulerAnglesHint.x
      value: 0
      objectReference: {fileID: 0}
    - target: {fileID: -8679921383154817045, guid: 346dd1542e8bf45408e85a820be9861e, type: 3}
      propertyPath: m_LocalEulerAnglesHint.y
      value: 0
      objectReference: {fileID: 0}
    - target: {fileID: -8679921383154817045, guid: 346dd1542e8bf45408e85a820be9861e, type: 3}
      propertyPath: m_LocalEulerAnglesHint.z
      value: 0
      objectReference: {fileID: 0}
    - target: {fileID: -1961553237903134091, guid: 346dd1542e8bf45408e85a820be9861e, type: 3}
      propertyPath: m_StaticEditorFlags
      value: 4294967295
      objectReference: {fileID: 0}
    - target: {fileID: -443413076370392800, guid: 346dd1542e8bf45408e85a820be9861e, type: 3}
      propertyPath: m_StaticEditorFlags
      value: 4294967295
      objectReference: {fileID: 0}
    - target: {fileID: 919132149155446097, guid: 346dd1542e8bf45408e85a820be9861e, type: 3}
      propertyPath: m_Name
      value: Island4 (1)
      objectReference: {fileID: 0}
    - target: {fileID: 919132149155446097, guid: 346dd1542e8bf45408e85a820be9861e, type: 3}
      propertyPath: m_StaticEditorFlags
      value: 4294967295
      objectReference: {fileID: 0}
    - target: {fileID: 9176741287585654647, guid: 346dd1542e8bf45408e85a820be9861e, type: 3}
      propertyPath: m_StaticEditorFlags
      value: 4294967295
      objectReference: {fileID: 0}
    m_RemovedComponents: []
  m_SourcePrefab: {fileID: 100100000, guid: 346dd1542e8bf45408e85a820be9861e, type: 3}
--- !u!4 &6702376536224054611 stripped
Transform:
  m_CorrespondingSourceObject: {fileID: -8679921383154817045, guid: 346dd1542e8bf45408e85a820be9861e, type: 3}
  m_PrefabInstance: {fileID: 6523787933230652088}
  m_PrefabAsset: {fileID: 0}
--- !u!1001 &6806483205343603945
PrefabInstance:
  m_ObjectHideFlags: 0
  serializedVersion: 2
  m_Modification:
    m_TransformParent: {fileID: 3582945860414901857}
    m_Modifications:
    - target: {fileID: -8679921383154817045, guid: 0ce6e4155eec2664c94daf80b4badcbf, type: 3}
      propertyPath: m_RootOrder
      value: 6
      objectReference: {fileID: 0}
    - target: {fileID: -8679921383154817045, guid: 0ce6e4155eec2664c94daf80b4badcbf, type: 3}
      propertyPath: m_LocalPosition.x
      value: -20.21
      objectReference: {fileID: 0}
    - target: {fileID: -8679921383154817045, guid: 0ce6e4155eec2664c94daf80b4badcbf, type: 3}
      propertyPath: m_LocalPosition.y
      value: -0.16834629
      objectReference: {fileID: 0}
    - target: {fileID: -8679921383154817045, guid: 0ce6e4155eec2664c94daf80b4badcbf, type: 3}
      propertyPath: m_LocalPosition.z
      value: -0.08
      objectReference: {fileID: 0}
    - target: {fileID: -8679921383154817045, guid: 0ce6e4155eec2664c94daf80b4badcbf, type: 3}
      propertyPath: m_LocalRotation.w
      value: 1
      objectReference: {fileID: 0}
    - target: {fileID: -8679921383154817045, guid: 0ce6e4155eec2664c94daf80b4badcbf, type: 3}
      propertyPath: m_LocalRotation.x
      value: 0
      objectReference: {fileID: 0}
    - target: {fileID: -8679921383154817045, guid: 0ce6e4155eec2664c94daf80b4badcbf, type: 3}
      propertyPath: m_LocalRotation.y
      value: -0
      objectReference: {fileID: 0}
    - target: {fileID: -8679921383154817045, guid: 0ce6e4155eec2664c94daf80b4badcbf, type: 3}
      propertyPath: m_LocalRotation.z
      value: -0
      objectReference: {fileID: 0}
    - target: {fileID: -8679921383154817045, guid: 0ce6e4155eec2664c94daf80b4badcbf, type: 3}
      propertyPath: m_LocalEulerAnglesHint.x
      value: 0
      objectReference: {fileID: 0}
    - target: {fileID: -8679921383154817045, guid: 0ce6e4155eec2664c94daf80b4badcbf, type: 3}
      propertyPath: m_LocalEulerAnglesHint.y
      value: 0
      objectReference: {fileID: 0}
    - target: {fileID: -8679921383154817045, guid: 0ce6e4155eec2664c94daf80b4badcbf, type: 3}
      propertyPath: m_LocalEulerAnglesHint.z
      value: 0
      objectReference: {fileID: 0}
    - target: {fileID: 919132149155446097, guid: 0ce6e4155eec2664c94daf80b4badcbf, type: 3}
      propertyPath: m_Name
      value: Island3 (1)
      objectReference: {fileID: 0}
    - target: {fileID: 919132149155446097, guid: 0ce6e4155eec2664c94daf80b4badcbf, type: 3}
      propertyPath: m_StaticEditorFlags
      value: 4294967295
      objectReference: {fileID: 0}
    m_RemovedComponents: []
  m_SourcePrefab: {fileID: 100100000, guid: 0ce6e4155eec2664c94daf80b4badcbf, type: 3}
--- !u!4 &6485118681458641666 stripped
Transform:
  m_CorrespondingSourceObject: {fileID: -8679921383154817045, guid: 0ce6e4155eec2664c94daf80b4badcbf, type: 3}
  m_PrefabInstance: {fileID: 6806483205343603945}
  m_PrefabAsset: {fileID: 0}
--- !u!1001 &8707384395825673085
PrefabInstance:
  m_ObjectHideFlags: 0
  serializedVersion: 2
  m_Modification:
    m_TransformParent: {fileID: 3582945860414901857}
    m_Modifications:
    - target: {fileID: -8679921383154817045, guid: 0ce6e4155eec2664c94daf80b4badcbf, type: 3}
      propertyPath: m_RootOrder
      value: 3
      objectReference: {fileID: 0}
    - target: {fileID: -8679921383154817045, guid: 0ce6e4155eec2664c94daf80b4badcbf, type: 3}
      propertyPath: m_LocalScale.x
      value: 1.2
      objectReference: {fileID: 0}
    - target: {fileID: -8679921383154817045, guid: 0ce6e4155eec2664c94daf80b4badcbf, type: 3}
      propertyPath: m_LocalScale.y
      value: 1.2
      objectReference: {fileID: 0}
    - target: {fileID: -8679921383154817045, guid: 0ce6e4155eec2664c94daf80b4badcbf, type: 3}
      propertyPath: m_LocalScale.z
      value: 1.2
      objectReference: {fileID: 0}
    - target: {fileID: -8679921383154817045, guid: 0ce6e4155eec2664c94daf80b4badcbf, type: 3}
      propertyPath: m_LocalPosition.x
      value: 10.14
      objectReference: {fileID: 0}
    - target: {fileID: -8679921383154817045, guid: 0ce6e4155eec2664c94daf80b4badcbf, type: 3}
      propertyPath: m_LocalPosition.y
      value: -0.16834629
      objectReference: {fileID: 0}
    - target: {fileID: -8679921383154817045, guid: 0ce6e4155eec2664c94daf80b4badcbf, type: 3}
      propertyPath: m_LocalPosition.z
      value: -11.04
      objectReference: {fileID: 0}
    - target: {fileID: -8679921383154817045, guid: 0ce6e4155eec2664c94daf80b4badcbf, type: 3}
      propertyPath: m_LocalRotation.w
      value: 1
      objectReference: {fileID: 0}
    - target: {fileID: -8679921383154817045, guid: 0ce6e4155eec2664c94daf80b4badcbf, type: 3}
      propertyPath: m_LocalRotation.x
      value: 0
      objectReference: {fileID: 0}
    - target: {fileID: -8679921383154817045, guid: 0ce6e4155eec2664c94daf80b4badcbf, type: 3}
      propertyPath: m_LocalRotation.y
      value: -0
      objectReference: {fileID: 0}
    - target: {fileID: -8679921383154817045, guid: 0ce6e4155eec2664c94daf80b4badcbf, type: 3}
      propertyPath: m_LocalRotation.z
      value: -0
      objectReference: {fileID: 0}
    - target: {fileID: -8679921383154817045, guid: 0ce6e4155eec2664c94daf80b4badcbf, type: 3}
      propertyPath: m_LocalEulerAnglesHint.x
      value: 0
      objectReference: {fileID: 0}
    - target: {fileID: -8679921383154817045, guid: 0ce6e4155eec2664c94daf80b4badcbf, type: 3}
      propertyPath: m_LocalEulerAnglesHint.y
      value: 0
      objectReference: {fileID: 0}
    - target: {fileID: -8679921383154817045, guid: 0ce6e4155eec2664c94daf80b4badcbf, type: 3}
      propertyPath: m_LocalEulerAnglesHint.z
      value: 0
      objectReference: {fileID: 0}
    - target: {fileID: 919132149155446097, guid: 0ce6e4155eec2664c94daf80b4badcbf, type: 3}
      propertyPath: m_Name
      value: Island3
      objectReference: {fileID: 0}
    - target: {fileID: 919132149155446097, guid: 0ce6e4155eec2664c94daf80b4badcbf, type: 3}
      propertyPath: m_StaticEditorFlags
      value: 4294967295
      objectReference: {fileID: 0}
    m_RemovedComponents: []
  m_SourcePrefab: {fileID: 100100000, guid: 0ce6e4155eec2664c94daf80b4badcbf, type: 3}
--- !u!4 &9177331654246175894 stripped
Transform:
  m_CorrespondingSourceObject: {fileID: -8679921383154817045, guid: 0ce6e4155eec2664c94daf80b4badcbf, type: 3}
  m_PrefabInstance: {fileID: 8707384395825673085}
  m_PrefabAsset: {fileID: 0}
